@misc{latexboilerboilerplate,
  title={latex boilerplate},
  author={Ray Hong},
  year={2020},
  howpublished={\url{https://github.com/rayyh/latex-boilerplate}},
}